
@book{__2018,
	title = {Индивидуальный лабораторный практикум. Часть 1},
	pagetotal = {80},
	publisher = {Издательство МГТУ им. Н.Э. Баумана},
	author = {Беликов, А.И. and Моисеев, К.М. and Панфилов, Ю.В. and Панфилова, Е.В. and Сидорова, С.В. and Цветков, Ю.Б.},
	editor = {Панфилова, Ю.В.},
	urldate = {2021-04-10},
	date = {2018},
	keywords = {yes},
	file = {Беликов et al. - 2018 - Индивидуальный лабораторный практикум. Часть 1.pdf:/home/max/Zotero/storage/RHK3HJ8Y/Беликов et al. - 2018 - Индивидуальный лабораторный практикум. Часть 1.pdf:application/pdf},
}

@article{kumar_survey_2012,
	title = {Survey on Transport Layer Protocols: {TCP} \& {UDP}},
	volume = {46},
	url = {https://citeseerx.ist.psu.edu/viewdoc/download?doi=10.1.1.734.7346&rep=rep1&type=pdf},
	shorttitle = {Survey on Transport Layer Protocols},
	abstract = {This paper presents a comprehensive survey on the two most popular transport layer protocols; {TCP} and {UDP}. The aim is to understand the key terminologies of {TCP} and {UDP} and to understand the key differences between them. This paper lists out the functions and basic operation of both protocols ({TCP} and {UDP}) and finally a comparison between the two protocols is presented. In, addition, this paper provides a brief survey on the performance of {TCP} over wireless networks.},
	pages = {6},
	number = {7},
	journaltitle = {International Journal of Computer Applications},
	author = {Kumar, Santosh and Rai, Sonam},
	urldate = {2021-04-10},
	date = {2012-05-01},
	keywords = {comparison, tcp, udp, yes},
	file = {Citeseer - Full Text PDF:/home/max/Zotero/storage/DFKWUMC6/Kumar and Rai - Survey on Transport Layer Protocols TCP & UDP.pdf:application/pdf;Citeseer - Snapshot:/home/max/Zotero/storage/AGZ39SLH/download.html:text/html},
}

@inproceedings{__2018-1,
	title = {ОБЗОР ТЕХНОЛОГИЙ В {INDUSTRIAL} {ETHERNET}},
	url = {https://elibrary.ru/item.asp?id=35627705},
	pages = {532--534},
	booktitle = {Инноватика-2018},
	author = {Юшин, О. Е. and Кудрявцев, Д. Н. and Концов, А. В.},
	urldate = {2021-04-11},
	date = {2018},
	keywords = {modbus, profinet, yes},
	file = {Юшин et al. - 2018 - ОБЗОР ТЕХНОЛОГИЙ В INDUSTRIAL ETHERNET.pdf:/home/max/Zotero/storage/BTFDZ9TF/Юшин et al. - 2018 - ОБЗОР ТЕХНОЛОГИЙ В INDUSTRIAL ETHERNET.pdf:application/pdf},
}

@inproceedings{_modbus_2021,
	title = {Modbus - Протокол Передачи Данных},
	url = {https://www.elibrary.ru/item.asp?id=44684618},
	abstract = {Прогресс не стоит на месте. Сейчас на смену огромным шкафам с оборудованием, приходят компактные контроллеры, соединенные в единую сеть. В результате постоянной модернизации и обновления промышленных предприятий, стоит задача по внедрению гибких и простых в эксплуатации протоколов передачи данных, с помощью которых идет обмен информации между устройствами в сети.},
	pages = {66--68},
	publisher = {Наука и Просвещение},
	author = {Евдокимов, Денис Александрович and Ярыш, Равия Фоатовна},
	urldate = {2021-04-12},
	date = {2021},
	langid = {russian},
	keywords = {modbus, yes, Асутп, Витая Пара, Интерфейс, Протокол Передачи Данных},
	file = {Евдокимов and Ярыш - 2021 - Modbus - Протокол Передачи Данных.pdf:/home/max/Zotero/storage/6EJCT4AF/Евдокимов and Ярыш - 2021 - Modbus - Протокол Передачи Данных.pdf:application/pdf},
}

@online{advantech_iot__2019,
	title = {Как общаются машины: протокол Modbus},
	url = {https://habr.com/ru/company/advantech/blog/450234/},
	shorttitle = {Как общаются машины},
	abstract = {Протокол Modbus — самый распространенный промышленный протокол для M2M-взаимодействия. Является стандартом де-факто и поддерживается почти всеми производителями...},
	author = {Advantech {IoT}},
	urldate = {2021-04-12},
	date = {2019-05-06},
	langid = {russian},
	keywords = {modbus, yes},
	file = {Snapshot:/home/max/Zotero/storage/RUEFRZ99/450234.html:text/html},
}

@article{__2010,
	title = {Протоколы и сети Modbus и Modbus {TCP}},
	volume = {4},
	url = {https://www.reallab.ru/images/editor/downloads/articles/Modbus.pdf},
	pages = {90--94},
	journaltitle = {Современные технологии автоматизации},
	shortjournal = {СТА-пресс},
	author = {Денисенко, Виктор},
	urldate = {2021-04-12},
	date = {2010},
	keywords = {modbus, structure, yes},
	file = {Денисенко - 2010 - Протоколы и сети Modbus и Modbus TCP.pdf:/home/max/Zotero/storage/2W3LGRV3/Денисенко - 2010 - Протоколы и сети Modbus и Modbus TCP.pdf:application/pdf},
}

@article{swales_open_1999,
	title = {Open modbus/tcp specification},
	volume = {29},
	url = {http://www.dankohn.info/projects/Fieldpoint_module/Open_ModbusTCP_Standard.pdf},
	pages = {25},
	journaltitle = {Schneider Electric},
	author = {Swales, Andy},
	urldate = {2021-04-10},
	date = {1999},
	keywords = {modbus, yes},
	file = {Swales - 1999 - Open modbustcp specification.pdf:/home/max/Zotero/storage/TM3C99IP/Swales - 1999 - Open modbustcp specification.pdf:application/pdf},
}

@book{_qt_2018,
	title = {Qt 5.10. Профессиональное программирование на C++},
	isbn = {5-9775-3678-X},
	series = {В подлиннике},
	pagetotal = {1072},
	publisher = {БХВ-Петербург},
	author = {Шлее, Макс},
	date = {2018},
	keywords = {modbus, qt, yes},
	file = {Шлее - 2018 - Qt 5.10. Профессиональное программирование на C++.pdf:/home/max/Zotero/storage/MB4KY6GG/Шлее - 2018 - Qt 5.10. Профессиональное программирование на C++.pdf:application/pdf},
}

@online{promwad__2019,
	title = {Обзор современных протоколов в системах промавтоматики},
	url = {https://habr.com/ru/post/473992/},
	abstract = {В прошлой публикации мы рассказали о том, как работают шины и протоколы в промышленной автоматизации. В этот раз сфокусируемся на современных рабочих решениях:...},
	author = {Promwad},
	urldate = {2021-04-16},
	date = {2019-10-31},
	langid = {russian},
	keywords = {modbus, profibus, yes},
}

@book{__2018-2,
	location = {Москва},
	title = {Организация контроля и моделирование технологического процесса.},
	author = {Панфилова, Е.В.},
	date = {2018},
	file = {Методичка к ДЗ дополненная еще одним примером и исправленная..pdf:/home/max/Zotero/storage/D2BINV3Y/Методичка к ДЗ дополненная еще одним примером и исправленная..pdf:application/pdf},
}