
@book{__2018,
	title = {Индивидуальный лабораторный практикум. Часть 1},
	pagetotal = {80},
	publisher = {Издательство МГТУ им. Н.Э. Баумана},
	author = {Беликов, А.И. and Моисеев, К.М. and Панфилов, Ю.В. and Панфилова, Е.В. and Сидорова, С.В. and Цветков, Ю.Б.},
	editor = {Панфилова, Ю.В.},
	urldate = {2021-04-10},
	date = {2018},
	keywords = {yes},
	file = {Беликов et al. - 2018 - Индивидуальный лабораторный практикум. Часть 1.pdf:/mnt/Gutter/6 sem/zotero/storage/RHK3HJ8Y/Беликов et al. - 2018 - Индивидуальный лабораторный практикум. Часть 1.pdf:application/pdf},
}

@inproceedings{__2017,
	title = {Разработка системы автоматического управления вакуумной и газовой систем установки МВТУ-11-1{МС}},
	url = {https://elibrary.ru/item.asp?id=41786874},
	pages = {188--192},
	booktitle = {Будущее машиностроения России},
	author = {Голованов, Дмитрий Александрович and Прохоров, Евгений Павлович and Моисеев, Константин Михайлович},
	urldate = {2021-04-10},
	date = {2017},
	keywords = {yes, modbus},
	file = {Голованов et al. - 2017 - Разработка системы автоматического управления ваку.pdf:/mnt/Gutter/6 sem/zotero/storage/VDSBXM93/Голованов et al. - 2017 - Разработка системы автоматического управления ваку.pdf:application/pdf},
}

@article{__2013,
	title = {Особенности организации передачи данных между программируемыми логическими контроллерами по протоколу Modbus},
	volume = {16},
	issn = {1998-7072},
	url = {https://cyberleninka.ru/article/n/osobennosti-organizatsii-peredachi-dannyh-mezhdu-programmiruemymi-logicheskimi-kontrollerami-po-protokolu-modbus},
	abstract = {n this article describe the basics of the Modbus protocol and its basic operating principles, as well as a specific example of working with him.},
	pages = {230--234},
	number = {23},
	journaltitle = {Вестник Казанского технологического университета},
	author = {Гайнуллина, А.А. and Байтимиров, Д.А.},
	urldate = {2021-04-10},
	date = {2013},
	keywords = {yes, modbus},
	file = {Full Text PDF:/mnt/Gutter/6 sem/zotero/storage/WF6NMTL4/А and Д - 2013 - Особенности организации передачи данных между прог.pdf:application/pdf;Snapshot:/mnt/Gutter/6 sem/zotero/storage/VHVLL7XI/osobennosti-organizatsii-peredachi-dannyh-mezhdu-programmiruemymi-logicheskimi-kontrollerami-po.html:text/html},
}

@article{kumar_survey_2012,
	title = {Survey on Transport Layer Protocols: {TCP} \& {UDP}},
	volume = {46},
	url = {https://citeseerx.ist.psu.edu/viewdoc/download?doi=10.1.1.734.7346&rep=rep1&type=pdf},
	shorttitle = {Survey on Transport Layer Protocols},
	abstract = {This paper presents a comprehensive survey on the two most popular transport layer protocols; {TCP} and {UDP}. The aim is to understand the key terminologies of {TCP} and {UDP} and to understand the key differences between them. This paper lists out the functions and basic operation of both protocols ({TCP} and {UDP}) and finally a comparison between the two protocols is presented. In, addition, this paper provides a brief survey on the performance of {TCP} over wireless networks.},
	pages = {6},
	number = {7},
	journaltitle = {International Journal of Computer Applications},
	author = {Kumar, Santosh and Rai, Sonam},
	urldate = {2021-04-10},
	date = {2012-05-01},
	keywords = {comparison, tcp, udp, yes},
	file = {Citeseer - Full Text PDF:/mnt/Gutter/6 sem/zotero/storage/DFKWUMC6/Kumar and Rai - Survey on Transport Layer Protocols TCP & UDP.pdf:application/pdf;Citeseer - Snapshot:/mnt/Gutter/6 sem/zotero/storage/AGZ39SLH/download.html:text/html},
}

@article{hussein_wheeb_performance_2015,
	title = {Performance Comparison of Transport Layer Protocols},
	volume = {5},
	issn = {22776451, 2277128X},
	url = {https://www.academia.edu/download/61590964/Performance_Comparison_of_Transport_Layer_Protocols-_vol5-issue12-2015_20191223-12686-v59wb2.pdf},
	abstract = {Transport layer is responsible for delivering data to the appropriate application process on the host computers. The two most popular transport layer protocols are Transmission Control Protocol ({TCP}) and User Datagram Protocol ({UDP}). {TCP} is considered one of the most important protocols in the Internet. {UDP} is a minimal message-oriented Transport Layer protocol. In this paper we have compared the performance of {TCP} and {UDP} on the wired network. Network Simulator ({NS}2) has been used for performance Comparison since it is preferred by the networking research community. Constant bit rate ({CBR}) traffic used for both {TCP} and {UDP} protocols.},
	pages = {5},
	number = {12},
	journaltitle = {International Journal of Advanced Research in Computer Science and Software Engineering},
	shortjournal = {{IJARCSSE}},
	author = {Hussein Wheeb, Ali},
	urldate = {2021-04-10},
	date = {2015-01-12},
	langid = {english},
	keywords = {comparison, tcp, udp, yes},
	file = {[No title found].pdf:/mnt/Gutter/6 sem/zotero/storage/2QPZEM4X/[No title found].pdf:application/pdf},
}

@incollection{noergaard_chapter_2010,
	location = {Burlington},
	title = {Chapter 4 - The Fundamentals in Understanding Networking Middleware},
	isbn = {978-0-7506-8455-2},
	url = {https://www.sciencedirect.com/science/article/pii/B9780750684552000042},
	abstract = {Publisher Summary
This chapter provides an introduction to core networking concepts and the Open Systems Interconnection ({OSI}) model. It defines networking middleware as a system software that typically resides within the upper data-link layer through to the transport layer in an embedded system. This networking middleware mediates between networking application protocols and the kernel, and/or networking device driver software, as well as mediates and serves different networking application protocols. It explains the underlying networking hardware and system software relative to networking middleware, as well as how to put it all together with networking application layer software. It uses open source examples to provide a more clear picture of the implementation of middleware networking protocols from a programmer's perspective within a device, as well as allow the user to download and utilize these open source examples for themselves. By definition, two or more devices that are connected in some fashion to allow for the transmission and/or reception of data are a network. To successfully communicate, each system within a network must implement some set of compatible networking elements. Some of these mechanisms are implemented in the middleware layer of an embedded system, and many are based upon industry standards —typically referred to as networking protocols. In fact, one of the most commonly included types of middleware in an embedded system is networking protocols, even if this code in the embedded device is only executed when connecting to a host at development time for developing and debugging the software on the device.},
	pages = {93--190},
	booktitle = {Demystifying Embedded Systems Middleware},
	publisher = {Newnes},
	author = {Noergaard, Tammy},
	editor = {Noergaard, Tammy},
	urldate = {2021-04-10},
	date = {2010-01-01},
	doi = {10.1016/B978-0-7506-8455-2.00004-2},
	keywords = {comparison, tcp, udp, yes},
	file = {Noergaard - 2010 - Chapter 4 - The Fundamentals in Understanding Netw.pdf:/mnt/Gutter/6 sem/zotero/storage/U3JNBERR/Noergaard - 2010 - Chapter 4 - The Fundamentals in Understanding Netw.pdf:application/pdf},
}

@article{__2017-1,
	title = {Обзор протоколов Интернета вещей},
	volume = {5},
	url = {http://www.sut.ru/doci/nauka/review/20172/1-12.pdf},
	pages = {12},
	number = {2},
	journaltitle = {Информационные технологии и телекоммуникации},
	author = {Москаленко, Т. А. and Киричек, Р. В. and Кучерявый, А. Е.},
	urldate = {2021-04-10},
	date = {2017},
	keywords = {yes, modbus},
	file = {Москаленко et al. - 2017 - Обзор протоколов Интернета вещей.pdf:/mnt/Gutter/6 sem/zotero/storage/GMH4KFVL/Москаленко et al. - 2017 - Обзор протоколов Интернета вещей.pdf:application/pdf},
}

@article{__2016,
	title = {ОБЗОР ПРОТОКОЛОВ ПЕРЕДАЧИ ДАННЫХ ПРИБОРОВ УЧЕТА ДЛЯ РОССИЙСКОГО РЫНКА},
	url = {https://www.mzta.ru/images/1085/3-6.pdf},
	abstract = {Усиление государственного регулирования в области энергосбережения (ФЗ 261 и другие нормативные
акты) и сложность экономической ситуации в России
стимулирует собственников к учету и экономии ресурсов. Соответственно увеличивается охват хозяйственной деятельности различных субъектов экономики
приборами учета, и у каждого такого субъекта встает
задача выбора наиболее подходящих ему приборов
учета. Критерии такого выбора могут быть самыми
разными. Если у субъекта стоит задача автоматического сбора показаний счетчиков в единый центр учета
энергоресурсов, то такие счетчики должны быть оснащены цифровым интерфейсом для передачи данных.
В существующих решениях по построению распределенных АСКУЭ основной упор делается на выбор физической среды передачи данных от счетчика на верхний уровень ({PLC}-технология передачи по силовой
линии, радиоканал, проводная связь {RS}-485, Ethernet
и др.). Вместе с тем имеет определенное значение и используемый протокол передачи данных. Несмотря
на это, в настоящее время российские производители
приборов учета не придерживаются какой-либо общепризнанной системы в выборе протоколов, вследствие
чего наблюдается целый «зоопарк» разнообразных
протоколов у производителей приборов учета. Это
затрудняет их интеграцию в АСКУЭ. Учет используемых протоколов при осознанном выборе приборов
может оказаться полезным для хозяйствующего субъекта. В настоящей статье приводится обзор широко
используемых и перспективных протоколов передачи
данных приборов учета, используемых в России и Европе. В обзоре рассматриваются протоколы, отвечающие российским/европейским стандартам, и не рассматриваются частные фирменные разработки, из-за
их ограниченной сферы применения},
	pages = {4},
	journaltitle = {ООО «Научно-технический центр МЗТА».},
	author = {Борисов, Глеб Борисович},
	urldate = {2021-04-11},
	date = {2016-01-11},
	keywords = {yes, modbus},
	file = {3-6.pdf:/mnt/Gutter/6 sem/zotero/storage/46D374H6/3-6.pdf:application/pdf},
}

@article{__2001,
	title = {Краткий экскурс в историю промышленных сетей},
	issn = {2079-6811},
	url = {https://cyberleninka.ru/article/n/kratkiy-ekskurs-v-istoriyu-promyshlennyh-setey},
	abstract = {В статье на примере популярных стандартных решений рассмотрена проблема практического применения промышленных сетевых технологий.Хочется сразу предупредить читателя о том, что статья не претендует на то, чтобы стать обзором всех доступных промышленных сетей.},
	pages = {110--114},
	number = {12},
	journaltitle = {Компоненты и Технологии},
	author = {Сергей, Гусев},
	urldate = {2021-04-11},
	date = {2001},
	keywords = {yes, modbus, fieldbus, profibus},
	file = {Full Text PDF:/mnt/Gutter/6 sem/zotero/storage/PX9GY97F/Сергей - 2001 - Краткий экскурс в историю промышленных сетей.pdf:application/pdf;Snapshot:/mnt/Gutter/6 sem/zotero/storage/C8L3Y9EX/kratkiy-ekskurs-v-istoriyu-promyshlennyh-setey.html:text/html},
}

@article{__2002,
	title = {Промышленные сети: цели и средства},
	url = {https://www.cta.ru/pdf/2002-4/promnet1_2002_4.pdf},
	pages = {6--17},
	number = {4},
	journaltitle = {Современные технологии автоматизации},
	author = {Кругляк, Константин},
	urldate = {2021-04-10},
	date = {2002},
	keywords = {yes, modbus, profibus, can, interbus},
	file = {Кругляк - 2002 - Промышленные сети цели и средства.pdf:/mnt/Gutter/6 sem/zotero/storage/V5IRVA9F/Кругляк - 2002 - Промышленные сети цели и средства.pdf:application/pdf},
}

@inproceedings{__2018-1,
	title = {ОБЗОР ТЕХНОЛОГИЙ В {INDUSTRIAL} {ETHERNET}},
	url = {https://elibrary.ru/item.asp?id=35627705},
	pages = {532--534},
	booktitle = {Инноватика-2018},
	author = {Юшин, О. Е. and Кудрявцев, Д. Н. and Концов, А. В.},
	urldate = {2021-04-11},
	date = {2018},
	keywords = {yes, modbus, profinet},
	file = {Юшин et al. - 2018 - ОБЗОР ТЕХНОЛОГИЙ В INDUSTRIAL ETHERNET.pdf:/mnt/Gutter/6 sem/zotero/storage/BTFDZ9TF/Юшин et al. - 2018 - ОБЗОР ТЕХНОЛОГИЙ В INDUSTRIAL ETHERNET.pdf:application/pdf},
}

@article{powell_profibus_2013,
	title = {Profibus and Modbus: a comparison},
	url = {https://scadahacker.com/library/Documents/ICS_Protocols/Siemens%20-%20Profibus%20and%20Modbus%20Comparison.pdf},
	pages = {1--5},
	journaltitle = {Automation. com},
	author = {Powell, James and Eng, P.},
	urldate = {2021-04-11},
	date = {2013},
	keywords = {yes, modbus, profibus},
	file = {Powell and Eng - 2013 - Profibus and Modbus a comparison.pdf:/mnt/Gutter/6 sem/zotero/storage/ZDZJ53KB/Powell and Eng - 2013 - Profibus and Modbus a comparison.pdf:application/pdf},
}

@article{van_gorp_advanced_2009,
	title = {Advanced remote controls for rectifiers: A comparison of features among Modbus, Profibus, and conventional control systems},
	volume = {107},
	issn = {0026-0576},
	url = {https://www.sciencedirect.com/science/article/pii/S0026057609802936},
	doi = {10.1016/S0026-0576(09)80293-6},
	shorttitle = {Advanced remote controls for rectifiers},
	pages = {48--50},
	number = {6},
	journaltitle = {Metal Finishing},
	shortjournal = {Metal Finishing},
	author = {van Gorp, Peter},
	urldate = {2021-04-11},
	date = {2009-06-01},
	langid = {english},
	keywords = {yes, modbus, profibus},
	file = {ScienceDirect Full Text PDF:/mnt/Gutter/6 sem/zotero/storage/EK9T3496/van Gorp - 2009 - Advanced remote controls for rectifiers A compari.pdf:application/pdf;ScienceDirect Snapshot:/mnt/Gutter/6 sem/zotero/storage/NTNAPHLN/S0026057609802936.html:text/html},
}

@inproceedings{_modbus_2021,
	title = {Modbus - Протокол Передачи Данных},
	url = {https://www.elibrary.ru/item.asp?id=44684618},
	abstract = {Прогресс не стоит на месте. Сейчас на смену огромным шкафам с оборудованием, приходят компактные контроллеры, соединенные в единую сеть. В результате постоянной модернизации и обновления промышленных предприятий, стоит задача по внедрению гибких и простых в эксплуатации протоколов передачи данных, с помощью которых идет обмен информации между устройствами в сети.},
	pages = {66--68},
	publisher = {Наука и Просвещение},
	author = {Евдокимов, Денис Александрович and Ярыш, Равия Фоатовна},
	urldate = {2021-04-12},
	date = {2021},
	langid = {russian},
	keywords = {yes, modbus, Асутп, Витая Пара, Интерфейс, Протокол Передачи Данных},
	file = {Евдокимов and Ярыш - 2021 - Modbus - Протокол Передачи Данных.pdf:/mnt/Gutter/6 sem/zotero/storage/6EJCT4AF/Евдокимов and Ярыш - 2021 - Modbus - Протокол Передачи Данных.pdf:application/pdf},
}

@online{advantech__2019,
	title = {Как общаются машины: протокол Modbus},
	url = {https://habr.com/ru/company/advantech/blog/450234/},
	shorttitle = {Как общаются машины},
	abstract = {Протокол Modbus — самый распространенный промышленный протокол для M2M-взаимодействия. Является стандартом де-факто и поддерживается почти всеми производителями...},
	author = {Advantech},
	urldate = {2021-04-12},
	date = {2019-05-06},
	langid = {russian},
	keywords = {modbus, yes},
	file = {Snapshot:/mnt/Gutter/6 sem/zotero/storage/RUEFRZ99/450234.html:text/html},
}

@online{phoenix_contact__2020,
	title = {Системы автоматизации на основе Foundation Fieldbus},
	url = {https://habr.com/ru/company/phoenix_contact/blog/489256/},
	abstract = {Foundation Fieldbus является цифровой системой связи, применяемой в автоматизациии наряду с такими, как Profibus, Modbus или {HART}. Технология появилась несколько...},
	author = {Phoenix Contact},
	urldate = {2021-04-12},
	date = {2020-02-20},
	langid = {russian},
	keywords = {yes, modbus, fieldbus},
	file = {Snapshot:/mnt/Gutter/6 sem/zotero/storage/YN37PFRM/489256.html:text/html},
}

@online{promwad__2019,
	title = {Шины и протоколы в промышленной автоматике: как всё это работает},
	url = {https://habr.com/ru/post/454156/},
	shorttitle = {Шины и протоколы в промышленной автоматике},
	abstract = {Наверняка многие и вас знают или даже видели, каким образом управляются большие автоматизированные объекты, например, атомная станция или завод со множеством т...},
	author = {Promwad},
	urldate = {2021-04-12},
	date = {2019-05-30},
	langid = {russian},
	keywords = {yes, modbus},
	file = {Snapshot:/mnt/Gutter/6 sem/zotero/storage/S5UBHTNX/454156.html:text/html},
}

@article{__2010,
	title = {Протоколы и сети Modbus и Modbus {TCP}},
	volume = {4},
	url = {https://www.reallab.ru/images/editor/downloads/articles/Modbus.pdf},
	pages = {90--94},
	journaltitle = {Современные технологии автоматизации},
	shortjournal = {СТА-пресс},
	author = {Денисенко, Виктор},
	urldate = {2021-04-12},
	date = {2010},
	keywords = {yes, modbus, structure},
	file = {Денисенко - 2010 - Протоколы и сети Modbus и Modbus TCP.pdf:/mnt/Gutter/6 sem/zotero/storage/2W3LGRV3/Денисенко - 2010 - Протоколы и сети Modbus и Modbus TCP.pdf:application/pdf},
}

@inproceedings{__2019,
	title = {Системы {SCADA} и анализ их применения},
	url = {https://elibrary.ru/item.asp?id=38316519},
	abstract = {В статье выполнен анализ применения систем диспетчерского управления и сбора данных для автоматизации управления техническими процессами. Выделены структурные компоненты таких систем. Приведены примеры {SCADA}-систем.the article analyzes the use of Supervisory control systems and data collection for automation of technical processes. The structural components of such systems are distinguished. Examples of {SCADA} systems are given.},
	pages = {10--14},
	publisher = {филиал ФГБОУ ВО РГУПС г. Воронеж},
	author = {Гордиенко, Е. П. and Гордиенко, С. Н.},
	urldate = {2021-04-12},
	date = {2019},
	langid = {russian},
	keywords = {yes, Диспетчеризация, Проект, Система, Управление, scada},
	file = {Гордиенко and Гордиенко - 2019 - Системы SCADA и анализ их применения.pdf:/mnt/Gutter/6 sem/zotero/storage/SBPQK2SL/Гордиенко and Гордиенко - 2019 - Системы SCADA и анализ их применения.pdf:application/pdf},
}

@inproceedings{daneels_what_1999,
	location = {Trieste, Italy},
	title = {What is {SCADA}?},
	url = {https://cds.cern.ch/record/532624/files/mc1i01.pdf},
	eventtitle = {International Conference on Accelerator and Large Experimental Physics Control Systems},
	pages = {339--343},
	publisher = {{CERN}},
	author = {Daneels, Axel and Salter, Wayne},
	urldate = {2021-04-10},
	date = {1999},
	keywords = {yes, scada},
	file = {Daneels and Salter - 1999 - What is SCADA.pdf:/mnt/Gutter/6 sem/zotero/storage/ET446GNI/Daneels and Salter - 1999 - What is SCADA.pdf:application/pdf},
}

@article{__2013-1,
	title = {Общие принципы построения {SCADA}-систем},
	url = {http://auts.esrae.ru/pdf/2013/2(4)/117.pdf},
	pages = {8},
	number = {2},
	journaltitle = {Автоматизация и управление в технических системах},
	author = {Сальный, Александр Геннадьевич and Кухаренко, Владимир Николаевич and Николаев, Андрей Борисович and Остроух, Андрей Владимирович},
	urldate = {2021-04-10},
	date = {2013},
	note = {Publisher: Общество с ограниченной ответственностью Научно-инновационный центр},
	keywords = {yes, scada},
	file = {Сальный et al. - 2013 - Общие принципы построения SCADA-систем.pdf:/mnt/Gutter/6 sem/zotero/storage/W3BXI5DC/Сальный et al. - 2013 - Общие принципы построения SCADA-систем.pdf:application/pdf},
}

@article{__1998,
	title = {Что должна уметь система {SCADA}},
	url = {https://www.cta.ru/pdf/1998-3/tools1_1998_3.pdf},
	pages = {44--46},
	number = {3},
	journaltitle = {Современные технологии автоматизации},
	author = {Локотков, Александр},
	urldate = {2021-04-12},
	date = {1998},
	keywords = {yes, scada},
	file = {Локотков - 1998 - Что должна уметь система SCADA.pdf:/mnt/Gutter/6 sem/zotero/storage/UXHFIU56/Локотков - 1998 - Что должна уметь система SCADA.pdf:application/pdf},
}

@misc{swales_open_1999,
	title = {Open modbus/tcp specification},
	url = {http://www.dankohn.info/projects/Fieldpoint_module/Open_ModbusTCP_Standard.pdf},
	publisher = {Shneider Electric},
	author = {Swales, Andy},
	urldate = {2021-04-10},
	date = {1999},
	keywords = {modbus, yes},
	file = {Swales - 1999 - Open modbustcp specification.pdf:/mnt/Gutter/6 sem/zotero/storage/TM3C99IP/Swales - 1999 - Open modbustcp specification.pdf:application/pdf},
}

@article{a_design_2020,
	title = {Design of Industrial Data Monitoring Device Using {IOT} through {MODBUS} Protocol},
	volume = {09},
	issn = {2277-8616},
	url = {https://www.researchgate.net/publication/344378128_Design_of_Industrial_Data_Monitoring_Device_Using_IOT_through_MODBUS_Protocol},
	pages = {77--86},
	journaltitle = {International Journal of Scientific \& Technology Research},
	author = {A, Sharmila and Gunasekar, Mageshkumar and N, Kasthuri and K.S, Tamilselvan and S., Suthagar},
	urldate = {2021-04-10},
	date = {2020-01-01},
	keywords = {yes, modbus},
	file = {A et al. - 2020 - Design of Industrial Data Monitoring Device Using .pdf:/mnt/Gutter/6 sem/zotero/storage/ELK5RVCX/A et al. - 2020 - Design of Industrial Data Monitoring Device Using .pdf:application/pdf},
}

@book{__2020,
	title = {Промышленные сети: учебное пособие},
	isbn = {978-5-7996-2985-4},
	url = {https://elar.urfu.ru/bitstream/10995/80673/1/978-5-7996-2963-2_2020.pdf},
	pagetotal = {128},
	publisher = {Издательство Уральского университета},
	author = {Титаев, Александр Анатольевич},
	urldate = {2021-04-10},
	date = {2020},
	keywords = {yes, modbus, profibus},
	file = {Титаев - 2020 - Промышленные сети учебное пособие.pdf:/mnt/Gutter/6 sem/zotero/storage/2A2QW83Y/Титаев - 2020 - Промышленные сети учебное пособие.pdf:application/pdf},
}

@article{galloway_introduction_2012,
	title = {Introduction to industrial control networks},
	volume = {15},
	url = {http://www.rfidblog.org.uk/Preprint-GallowayHancke-IndustrialControlSurvey.pdf},
	pages = {860--880},
	number = {2},
	journaltitle = {{IEEE} Communications surveys \& tutorials},
	author = {Galloway, Brendan and Hancke, Gerhard P.},
	urldate = {2012-05-01},
	date = {2012},
	note = {{ISBN}: 1553-877X
Publisher: {IEEE}},
	keywords = {yes, modbus, fieldbus},
	file = {Galloway and Hancke - 2012 - Introduction to industrial control networks.pdf:/mnt/Gutter/6 sem/zotero/storage/X8ER9T6Q/Galloway and Hancke - 2012 - Introduction to industrial control networks.pdf:application/pdf},
}

@article{thomesse_fieldbus_2005,
	title = {Fieldbus technology in industrial automation},
	volume = {93},
	url = {https://tinyurl.com/rjr2c346},
	doi = {10.1109/JPROC.2005.849724},
	pages = {1073--1101},
	number = {6},
	journaltitle = {Proceedings of the {IEEE}},
	author = {Thomesse, J.-P.},
	urldate = {2012-05-01},
	date = {2005},
	note = {{ISBN}: 0018-9219
Publisher: {IEEE}},
	keywords = {yes, fieldbus},
	file = {Thomesse - 2005 - Fieldbus technology in industrial automation.pdf:/mnt/Gutter/6 sem/zotero/storage/NA9LC93D/Thomesse - 2005 - Fieldbus technology in industrial automation.pdf:application/pdf},
}

@book{__2015,
	title = {Энциклопедия АСУ ТП},
	url = {https://bookasutp.ru/},
	publisher = {reallab.ru},
	author = {Денисенко, Виктор},
	urldate = {2021-04-10},
	date = {2015},
	keywords = {yes, modbus, profibus},
}

@misc{acromag_introduction_2002,
	title = {{INTRODUCTION} {TO} {PROFIBUS} {DP}},
	url = {http://www.diit.unict.it/users/scava/dispense/II/Profibus.pdf},
	publisher = {acromag.com},
	author = {{ACROMAG}},
	urldate = {2021-05-16},
	date = {2002},
	file = {Profibus.pdf:/mnt/Gutter/6 sem/zotero/storage/MSSAF74B/Profibus.pdf:application/pdf},
}

@misc{noauthor_foundation_2001,
	title = {The Foundation fieldbus {PRIMER}},
	url = {https://www.fieldbusinc.com/downloads/primer1_1.pdf},
	publisher = {Fieldbus Inc.},
	urldate = {2021-04-17},
	date = {2001-06-14},
	keywords = {fieldbus, yes},
	file = {Fieldbus Inc - 2001 - The Foundation fieldbus PRIMER.pdf:/mnt/Gutter/6 sem/zotero/storage/DWICQF5A/Fieldbus Inc - 2001 - The Foundation fieldbus PRIMER.pdf:application/pdf},
}

@article{vincent_foundation_2001,
	title = {{FOUNDATION} fieldbus high speed ethernet control system},
	url = {http://fieldbusinc.net/downloads/hsepaper.pdf},
	pages = {9},
	journaltitle = {Fieldbus Inc},
	author = {Vincent, Sean J.},
	urldate = {2021-04-11},
	date = {2001},
	keywords = {yes, modbus, fieldbus},
	file = {Vincent - 2001 - FOUNDATION fieldbus high speed ethernet control sy.pdf:/mnt/Gutter/6 sem/zotero/storage/4RQIC2ZM/Vincent - 2001 - FOUNDATION fieldbus high speed ethernet control sy.pdf:application/pdf},
}

@article{_foundation_1999,
	title = {{FOUNDATION} {FIELDBUS} или {PROFIBUS} {PA}},
	url = {https://www.cta.ru/cms/f/366625.pdf},
	pages = {16--20},
	journaltitle = {Современные технологии автоматизации},
	author = {Гупта, Ашок and Каро, Ричард},
	urldate = {2021-04-10},
	date = {1999},
	keywords = {yes, fieldbus, profibus},
	file = {Гупта and Каро - FOUNDATION FIELDBUS или PROFIBUS PA.pdf:/mnt/Gutter/6 sem/zotero/storage/HJFTWL6Z/Гупта and Каро - FOUNDATION FIELDBUS или PROFIBUS PA.pdf:application/pdf},
}

@online{promwad__2019-1,
	title = {Обзор современных протоколов в системах промавтоматики},
	url = {https://habr.com/ru/post/473992/},
	abstract = {В прошлой публикации мы рассказали о том, как работают шины и протоколы в промышленной автоматизации. В этот раз сфокусируемся на современных рабочих решениях:...},
	author = {Promwad},
	urldate = {2021-04-16},
	date = {2019-10-31},
	langid = {russian},
	keywords = {yes, modbus, profibus},
}